<record><leader>00000cas a22000007a 4500</leader><controlfield tag="001">24655703</controlfield><controlfield tag="008">911031d1987198unyuwr ne      0    0eng d</controlfield><controlfield tag="009">148</controlfield><datafield ind1=" " ind2=" " tag="010"><subfield code="a">sn 91066753 </subfield></datafield><datafield ind1=" " ind2=" " tag="040"><subfield code="a">NYG</subfield><subfield code="b">eng</subfield><subfield code="c">NYG</subfield><subfield code="d">NYS</subfield><subfield code="d">OCLCQ</subfield></datafield><datafield ind1="1" ind2=" " tag="029"><subfield code="a">AU@</subfield><subfield code="b">000025852238</subfield></datafield><datafield ind1=" " ind2=" " tag="042"><subfield code="a">msc</subfield></datafield><datafield ind1="0" ind2="4" tag="245"><subfield code="a">The Kinderhook echo.</subfield></datafield><datafield ind1=" " ind2=" " tag="260"><subfield code="a">Canaan, N.Y. :</subfield><subfield code="b">Taconic Pub. Co.</subfield></datafield><datafield ind1=" " ind2=" " tag="300"><subfield code="a">v.</subfield></datafield><datafield ind1=" " ind2=" " tag="310"><subfield code="a">Weekly (except Christmas week)</subfield></datafield><datafield ind1="1" ind2=" " tag="362"><subfield code="a">Vol. 1, no. 1 (July 9, 1987)-</subfield></datafield><datafield ind1=" " ind2="4" tag="651"><subfield code="a">Canaan (N.Y.)</subfield><subfield code="v">Newspapers.</subfield></datafield><datafield ind1=" " ind2="4" tag="651"><subfield code="a">Kinderhook (N.Y.)</subfield><subfield code="v">Newspapers.</subfield></datafield><datafield ind1=" " ind2=" " tag="752"><subfield code="a">United States</subfield><subfield code="b">New York</subfield><subfield code="c">Columbia</subfield><subfield code="d">Canaan.</subfield></datafield><datafield ind1=" " ind2=" " tag="752"><subfield code="a">United States</subfield><subfield code="b">New York</subfield><subfield code="c">Columbia</subfield><subfield code="d">Kinderhook.</subfield></datafield></record>